@article{cochenour_mullen_laux_2007, title={Phase Coherent Digital Communications for Wireless Optical Links in Turbid Underwater Environments}, DOI={10.1109/oceans.2007.4449173}, journal={Oceans 2007}, author={Cochenour, Brandon and Mullen, Linda and Laux, Alan}, year={2007}}