@article{cochenour_mullen_laux_2007, title={Phase Coherent Digital Communications for Wireless Optical Links in Turbid Underwater Environments}, DOI={10.1109/oceans.2007.4449173}, journal={Oceans 2007}, author={Cochenour, Brandon and Mullen, Linda and Laux, Alan}, year={2007}}

@misc{kaushal_kaddoum, title={Underwater Optical Wireless Communication}, url={https://ieeexplore.ieee.org/document/7450595/}, journal={Underwater Optical Wireless Communication - IEEE Journals & Magazine}, author={Kaushal, Hemani and Kaddoum, Georges}}

@article{fuada_putra_aska_adiono_2016, title={Trans-impedance amplifier (HA) design for Visible Light Communication (VLC) using commercially available OP-AMP}, DOI={10.1109/icitacee.2016.7892405}, journal={2016 3rd International Conference on Information Technology, Computer, and Electrical Engineering (ICITACEE)}, author={Fuada, Syifaul and Putra, Angga Pratama and Aska, Yulian and Adiono, Trio}, year={2016}}
