@article{cochenour_mullen_laux_2007,
	title={Phase Coherent Digital Communications for Wireless Optical Links in Turbid Underwater Environments},
	DOI={10.1109/oceans.2007.4449173},
	journal={Oceans 2007},
	author={Cochenour, Brandon and Mullen, Linda and Laux, Alan},
	year={2007}}

@misc{kaushal_kaddoum,
	title={Underwater Optical Wireless Communication},
	url={https://ieeexplore.ieee.org/document/7450595/},
	journal={Underwater Optical Wireless Communication - IEEE Journals & Magazine},
	author={Kaushal, Hemani and Kaddoum, Georges}} 

@article{queuing_delay_model_for_video_transmission,
	title={Queuing Delay Model for Video Transmission over Multi-Channel Underwater Wireless Optical Networks},
	url={https://shihada.com/node/publications/UWOC_Queuing.pdf},
	author={Al-Halafi, AlGhadhbhan, Shihada}}

@article{connectivity_analysis_of_underwater,
	title={Connectivity Analysis of Underwater Optical Wireless Sensor Networks: A Graph Theoretic Approach},
	DOI={10.1109/ICCW.2018.8403740},
	url={https://www.researchgate.net/publication/323429483_Connectivity_Analysis_of_Underwater_Optical_Wireless_Sensor_Networks_A_Graph_Theoretic_Approach},
	author={Saeed, Celik, Al-Naffouri, Alouini}}

@article{underwater_sensor_networks_applications
	title={Underwater sensor networks: applications, advances and challenges},
	DOI={10.1098/rsta.2011.0214}
	url={https://www.mit.edu/~millitsa/resources/pdfs/royal.pdf},
	author={Heidemann, Stojanovic, Zorzi}}

@article{underwater_optical_wireless_communication_network,
	author = {Shlomi Arnon},
	title = {Underwater optical wireless communication network},
	volume = {49},
	journal = {Optical Engineering},
	number = {1},
	pages = {1 - 6 - 6},
	year = {2010},
	doi = {10.1117/1.3280288},
	URL = {https://doi.org/10.1117/1.3280288},
	eprint = {}
}

@article{underwater_wireless_communications_current_achievements,
	author = {Milica Stojanovic},
	title = {Underwater Wireless Communications: Current Achievements and Research Challenges},
	url = {https://pdfs.semanticscholar.org/5b19/44536a04284325f8f1d633c306d77a6d5842.pdf}
}

@article{saeed2018underwater,
	title={Underwater optical wireless communications, networking, and localization: A survey},
	author={Saeed, Nasir and Celik, Abdulkadir and Al-Naffouri, Tareq Y and Alouini, Mohamed-Slim},
	journal={arXiv preprint arXiv:1803.02442},
	year={2018}
}
